@ARTICLE{Beg2021,
  author={Beg, Marijan and Taka, Juliette and Kluyver, Thomas and Konovalov, Alexander and Ragan-Kelley, Min and Thi√©ry, Nicolas M. and Fangohr, Hans},
  journal={Computing in Science and Engineering}, 
  title={Using {J}upyter for Reproducible Scientific Workflows}, 
  year={2021},
  volume={23},
  number={2},
  pages={36-46},
  doi={10.1109/MCSE.2021.3052101}
}

@misc{ enwiki:1292514538,
    author = "{Wikipedia contributors}",
    title = "Ant colony optimization algorithms --- {Wikipedia}{,} The Free Encyclopedia",
    year = "2025",
    url = "https://en.wikipedia.org/w/index.php?title=Ant_colony_optimization_algorithms&oldid=1292514538",
    note = "[Online; accessed 11-June-2025]"
  }

@article{Wouda_Lan_Kool_PyVRP_2024,
  doi = {10.1287/ijoc.2023.0055},
  url = {https://doi.org/10.1287/ijoc.2023.0055},
  year = {2024},
  volume = {36},
  number = {4},
  pages = {943--955},
  publisher = {INFORMS},
  author = {Niels A. Wouda and Leon Lan and Wouter Kool},
  title = {{PyVRP}: a high-performance {VRP} solver package},
  journal = {INFORMS Journal on Computing},
}

@misc{jobshoplib,
    author = {Pabloo22},
    title = {JobShopLib: A JSSP Python package},
    urldate = {2025-06-11},
    url = {https://github.com/Pabloo22/job_shop_lib}
}

@ARTICLE{484436,
  author={Dorigo, M. and Maniezzo, V. and Colorni, A.},
  journal={IEEE Transactions on Systems, Man, and Cybernetics, Part B (Cybernetics)}, 
  title={Ant system: optimization by a colony of cooperating agents}, 
  year={1996},
  volume={26},
  number={1},
  pages={29-41},
  keywords={Ant colony optimization;Traveling salesman problems;Intelligent robots;Feedback;Distributed computing;Simulated annealing;Robustness;Artificial intelligence;Computational modeling;Data structures},
  doi={10.1109/3477.484436}}

@misc{ enwiki:1292600322,
    author = "{Wikipedia contributors}",
    title = "Travelling salesman problem --- {Wikipedia}{,} The Free Encyclopedia",
    year = "2025",
    url = "https://en.wikipedia.org/w/index.php?title=Travelling_salesman_problem&oldid=1292600322",
    note = "[Online; accessed 12-June-2025]"
  }

@inproceedings{ant_parameters,
author = {Gaertner, Dorian and Clark, Keith},
year = {2005},
month = {01},
pages = {83-89},
title = {On Optimal Parameters for Ant Colony Optimization Algorithms.},
volume = {1},
journal = {Proceedings of the 2005 International Conference on Artificial Intelligence, ICAI'05},
booktitle = {On Optimal Parameters for Ant Colony Optimization Algorithms.}
}

@misc{oliver30,
    url = {https://stevedower.id.au/research/oliver-30},
    author = {Steve Dower},
    urldate = {2025-06-11},
    title = {Oliver 30 TSP}
}

@article{jssp-manufacturing,
author = {Yang, Longzhi and Li, Jie and Chao, Fei and Hackney, Philip and Flanagan, Mark},
year = {2018},
month = {08},
pages = {e12315},
title = {Job shop planning and scheduling for manufacturers with manual operations},
volume = {38},
journal = {Expert Systems},
doi = {10.1111/exsy.12315}
}

@article{jssp-healthcare,
title = {Application of job shop scheduling approach in green patient flow optimization using a hybrid swarm intelligence},
journal = {Computers \& Industrial Engineering},
volume = {172},
pages = {108603},
year = {2022},
issn = {0360-8352},
doi = {https://doi.org/10.1016/j.cie.2022.108603},
url = {https://www.sciencedirect.com/science/article/pii/S0360835222005988},
author = {Masoumeh Vali and Khodakaram Salimifard and Amir H. Gandomi and Thierry J. Chaussalet},
keywords = {Patient flow, Job shop scheduling, Swarm intelligence, Salp swarm algorithm, Chaotic map}
}

@article{slurm,
  author       = {Jette, M and Grondona, M},
  title        = {SLURM: Simple Linux Utility for Resource Management},
  url          = {https://www.osti.gov/biblio/15002533},
  place        = {United States},
  year         = {2002},
  month        = {12}}

@ARTICLE{jssp,
  author={Hoitomt, D.J. and Luh, P.B. and Pattipati, K.R.},
  journal={IEEE Transactions on Robotics and Automation}, 
  title={A practical approach to job-shop scheduling problems}, 
  year={1993},
  volume={9},
  number={1},
  pages={1-13},
  keywords={Optimal scheduling;Job shop scheduling;Processor scheduling;Lagrangian functions;Manufacturing processes;Pulp manufacturing;Manufacturing systems;Concurrent computing;Parallel machines;Routing},
  doi={10.1109/70.210791}}

@article{ELCOCK2023100280,
title = {An efficient ACO-based algorithm for task scheduling in heterogeneous multiprocessing environments},
journal = {Array},
volume = {17},
pages = {100280},
year = {2023},
issn = {2590-0056},
doi = {https://doi.org/10.1016/j.array.2023.100280},
url = {https://www.sciencedirect.com/science/article/pii/S259000562300005X},
author = {Jeffrey Elcock and Nekiesha Edward},
keywords = {Task scheduling, Heterogeneous, Ant colony optimization, Directed acyclic graphs}
}

@article{acodjssp,
title = {Applying Ant Colony Optimisation (ACO) algorithm to dynamic job shop scheduling problems},
journal = {International Journal of Manufacturing Research},
year = {2008},
doi = {https://doi.org/10.1504/IJMR.2008.019212},
url = {https://www.inderscience.com/info/inarticle.php?artid=19212},
author = {Rong Zhou, Heow Pueh Lee, Andrew Y.C. Nee}
}
