
@article{dorigo_ant_system_1996,
	title = {Ant system: optimization by a colony of cooperating agents},
	volume = {26},
	copyright = {https://ieeexplore.ieee.org/Xplorehelp/downloads/license-information/IEEE.html},
	issn = {1083-4419, 1941-0492},
	shorttitle = {Ant system},
	url = {https://ieeexplore.ieee.org/document/484436/},
	doi = {10.1109/3477.484436},
	number = {1},
	urldate = {2025-06-04},
	journal = {IEEE Transactions on Systems, Man, and Cybernetics, Part B (Cybernetics)},
	author = {Dorigo, M. and Maniezzo, V. and Colorni, A.},
	month = feb,
	year = {1996},
	pages = {29--41},
}

@article{Ant_colony_system,
  author={Dorigo, M. and Gambardella, L.M.},
  journal={IEEE Transactions on Evolutionary Computation}, 
  title={Ant colony system: a cooperative learning approach to the traveling salesman problem}, 
  year={1997},
  volume={1},
  number={1},
  pages={53-66},
  keywords={Traveling salesman problems;Distributed algorithms;Computational modeling;Simulated annealing;Evolutionary computation;Legged locomotion;Feedback;Ant colony optimization;Global communication},
  doi={10.1109/4235.585892}
}

@inproceedings{ant_parameters,
author = {Gaertner, Dorian and Clark, Keith},
year = {2005},
month = {01},
pages = {83-89},
title = {On Optimal Parameters for Ant Colony Optimization Algorithms.},
volume = {1},
journal = {Proceedings of the 2005 International Conference on Artificial Intelligence, ICAI'05}
}
