@article{McNabb1963,
	title        = {{A New Analysis of the Diffusion of Hydrogen in Iron and Ferritic Steels}},
	author       = {McNabb, A. and Foster, P. K.},
	year         = 1963,
	journal      = {Trans. Metall. Soc. AIME},
	volume       = 227,
	pages        = 618
}
@article{Longhurst1985,
	title        = {{The soret effect and its implications for fusion reactors}},
	author       = {Longhurst, G. R.},
	year         = 1985,
	journal      = {J. Nucl. Mater.},
	volume       = 131,
	number       = 1,
	pages        = {61--69},
	issn         = {00223115},
	url          = {https://linkinghub.elsevier.com/retrieve/pii/0022311585904258}
}
@techreport{Pendergrass1976,
	title        = {{Temperature-dependent ordinary and thermal diffusion of hydrogen isotopes through thermonuclear reactor components}},
	author       = {Pendergrass, J. H.},
	year         = 1976,
	url          = {http://www.osti.gov/servlets/purl/7333557/},
	institution  = {Los Alamos National Laboratory (LANL)}
}
@article{Delaporte-Mathurin2021,
	title        = {{Influence of interface conditions on hydrogen transport studies}},
	author       = {Delaporte-Mathurin, R. and Hodille, E. A. and Mougenot, J. and Charles, Y. and {De Temmerman}, G. and Leblond, F. and Grisolia, C.},
	year         = 2021,
	journal      = {Nucl. Fusion},
	volume       = 61,
	number       = 3,
	pages        = {036038},
	issn         = {0029-5515},
	url          = {https://iopscience.iop.org/article/10.1088/1741-4326/abd95f}
}
@phdthesis{Delaporte-Mathurin2022,
	title        = {{Hydrogen transport in tokamaks : Estimation of the ITER divertor tritium inventory and influence of helium exposure}},
	author       = {Delaporte-Mathurin, R.},
	year         = 2022,
	number       = {2022PA131054},
	url          = {https://theses.hal.science/tel-04004369},
	school       = {{Universit{\'e} Paris-Nord - Paris XIII}},
	keywords     = {Hydrogen ; Finite elements ; Numerical modelling ; Hydrog{\`e}ne ; El{\'e}ments finis ; Mod{\'e}lisation num{\'e}rique},
	type         = {Theses}
}
@article{Schmid2016,
	title        = {{Diffusion-trapping modelling of hydrogen recycling in tungsten under ELM-like heat loads}},
	author       = {Schmid, K.},
	year         = 2016,
	journal      = {Phys. Scr.},
	volume       = {T167},
	pages        = {014025},
	issn         = {0031-8949},
	url          = {https://iopscience.iop.org/article/10.1088/0031-8949/T167/1/014025}
}
@article{Guterl2019,
	title        = {Effects of surface processes on hydrogen outgassing from metal in desorption experiments},
	author       = {Guterl, Jerome and Smirnov, RD and Snyder, P},
	year         = 2019,
	journal      = {Nuclear Fusion},
	publisher    = {IOP Publishing},
	volume       = 59,
	number       = 9,
	pages        = {096042},
	url          = {https://iopscience.iop.org/article/10.1088/1741-4326/ab280a/meta}
}
@article{Pick1985,
	title        = {A model for atomic hydrogen-metal interactionsâ€”application to recycling, recombination and permeation},
	author       = {Pick, MA and Sonnenberg, K},
	year         = 1985,
	journal      = {Journal of Nuclear Materials},
	publisher    = {Elsevier},
	volume       = 131,
	number       = {2-3},
	pages        = {208--220},
	url          = {https://www.sciencedirect.com/science/article/abs/pii/0022311585904593}
}
@article{Hodille2017,
	title        = {Simulations of atomic deuterium exposure in self-damaged tungsten},
	author       = {Hodille, EA and Zalo{\v{z}}nik, A and Markelj, S and Schwarz-Selinger, T and Becquart, CS and Bisson, R{\'e}gis and Grisolia, Christian},
	year         = 2017,
	journal      = {Nuclear Fusion},
	publisher    = {IOP Publishing},
	volume       = 57,
	number       = 5,
	pages        = {056002},
	url          = {https://iopscience.iop.org/article/10.1088/1741-4326/aa5aa5/meta}
}
@article{Schmid2021,
	title        = {On the use of recombination rate coefficients in hydrogen transport calculations},
	author       = {Schmid, K and Zibrov, M},
	year         = 2021,
	journal      = {Nuclear Fusion},
	publisher    = {IOP Publishing},
	volume       = 61,
	number       = 8,
	pages        = {086008},
	url          = {https://iopscience.iop.org/article/10.1088/1741-4326/ac07b2/meta}
}
@article{Hamamoto2020,
	title        = {Comprehensive modeling of hydrogen transport and accumulation in titanium and zirconium},
	author       = {Hamamoto, Yoshiki and Uchikoshi, Takeru and Tanabe, Katsuaki},
	year         = 2020,
	journal      = {Nuclear Materials and Energy},
	publisher    = {Elsevier},
	volume       = 23,
	pages        = 100751,
	url          = {https://www.sciencedirect.com/science/article/pii/S2352179120300272}
}