@article{Laurent:2022jrs,
    author = "Laurent, Benoit and Cline, James M.",
    title = "{First principles determination of bubble wall velocity}",
    eprint = "2204.13120",
    archivePrefix = "arXiv",
    primaryClass = "hep-ph",
    doi = "10.1103/PhysRevD.106.023501",
    journal = "Phys. Rev. D",
    volume = "106",
    number = "2",
    pages = "023501",
    year = "2022"
}

@misc{Weir_2016,
    title={Simulation of a cosmological thermal phase transition, early times},
    howpublished="\url{https://commons.wikimedia.org/wiki/File:Simulation_of_a_cosmological_thermal_phase_transition,_early_times.jpg}",
    publisher={Wikimedia Commons},
    author={Weir, David},
    year={2016}
} 


@article{Langer:1974cpa,
    author = "Langer, J. S.",
    title = "{Metastable states}",
    doi = "10.1016/0031-8914(74)90226-2",
    journal = "Physica",
    volume = "73",
    number = "1",
    pages = "61--72",
    year = "1974"
}

@article{Gould:2021ccf,
    author = "Gould, Oliver and Hirvonen, Joonas",
    title = "{Effective field theory approach to thermal bubble nucleation}",
    eprint = "2108.04377",
    archivePrefix = "arXiv",
    primaryClass = "hep-ph",
    reportNumber = "HIP-2020-19/TH",
    doi = "10.1103/PhysRevD.104.096015",
    journal = "Phys. Rev. D",
    volume = "104",
    number = "9",
    pages = "096015",
    year = "2021"
}

@article{Ekstedt:2024fyq,
    author = "Ekstedt, Andreas and Gould, Oliver and Hirvonen, Joonas and Laurent, Benoit and Niemi, Lauri and Schicho, Philipp and van de Vis, Jorinde",
    title = "{How fast does the WallGo? A package for computing wall velocities in first-order phase transitions}",
    eprint = "2411.04970",
    archivePrefix = "arXiv",
    primaryClass = "hep-ph",
    reportNumber = "CERN-TH-2024-174, DESY-24-162, HIP-2024-21/TH",
    doi = "10.1007/JHEP04(2025)101",
    journal = "JHEP",
    volume = "04",
    pages = "101",
    year = "2025"
}