# General with "All versions" Zenodo
@misc{waves-software,
  title        = {{waves}},
  author       = {Brindley, Kyle and Khalsa, Prabhu and Roberts, Thomas and Cordova, Sergio and Fister, Matthew and Johnson, Chris and Ouellette, Scott},
  doi          = {10.5281/zenodo.7574167},
  organization = {Los Alamos National Laboratory},
  address      = {Los Alamos, New Mexico, USA},
  license      = {BSD 3-Clause},
  url          = {https://github.com/lanl-aea/waves},
  year         = {2025}
}
# Current with "All versions" Zenodo
@misc{waves-current,
  title        = {{waves} 0.13.14},
  author       = {Brindley, Kyle and Khalsa, Prabhu and Roberts, Thomas and Cordova, Sergio and Fister, Matthew and Johnson, Chris and Ouellette, Scott},
  doi          = {10.5281/zenodo.7574167},
  organization = {Los Alamos National Laboratory},
  address      = {Los Alamos, New Mexico, USA},
  license      = {BSD 3-Clause},
  url          = {https://github.com/lanl-aea/waves},
  year         = {2025}
}
# Most up-to-date Zenodo
@misc{waves-0-13-12,
  title        = {{waves} 0.13.12},
  author       = {Brindley, Kyle and Khalsa, Prabhu and Roberts, Thomas and Cordova, Sergio and Fister, Matthew and Johnson, Chris and Ouellette, Scott},
  doi          = {10.5281/zenodo.16895964},
  organization = {Los Alamos National Laboratory},
  address      = {Los Alamos, New Mexico, USA},
  license      = {BSD 3-Clause},
  url          = {https://github.com/lanl-aea/waves},
  year         = {2025}
}
