% SPDX-FileCopyrightText: 2025 Laurent Modolo <laurent@modolo.fr>
%
% SPDX-License-Identifier: AGPL-3.0-or-later

@article{li2011measuring,
  title={Measuring reproducibility of high-throughput experiments},
  author={Li, Qunhua and Brown, James B and Huang, Haiyan and Bickel, Peter J},
  year={2011}
}

@inproceedings{sklar1959fonctions,
  title={Fonctions de r{\'e}partition {\`a} n dimensions et leurs marges},
  author={Sklar, M},
  booktitle={Annales de l'ISUP},
  volume={8},
  number={3},
  pages={229--231},
  year={1959}
}

@article{hofert2013archimedean,
  title={Archimedean copulas in high dimensions: Estimators and numerical challenges motivated by financial applications},
  author={Hofert, Marius and M{\"a}chler, Martin and McNeil, Alexander J},
  journal={Journal de la Soci{\'e}t{\'e} Fran{\c{c}}aise de Statistique},
  volume={154},
  number={1},
  pages={25--63},
  year={2013}
}

@article{ding7214copula,
  title={Copula correlation: An equitable dependence measure and extension of Pearsonâ€™s correlation. arXiv 2013},
  author={Ding, AA and Li, Y},
  journal={arXiv preprint arXiv:1312.7214}
}

@inproceedings{zhang2013measuring,
  title={Measuring Reproducibility of High-Throughput Deep-Sequencing Experiments Based on Self-adaptive Mixture Copula},
  author={Zhang, Qian and Zhang, Junping and Xue, Chenghai},
  booktitle={Advances in Knowledge Discovery and Data Mining: 17th Pacific-Asia Conference, PAKDD 2013, Gold Coast, Australia, April 14-17, 2013, Proceedings, Part I 17},
  pages={301--313},
  year={2013},
  organization={Springer}
}

@article{hu2006dependence,
  title={Dependence patterns across financial markets: a mixed copula approach},
  author={Hu, Ling},
  journal={Applied financial economics},
  volume={16},
  number={10},
  pages={717--729},
  year={2006},
  publisher={Taylor \& Francis}
}

@book{brent2013algorithms,
  title={Algorithms for minimization without derivatives},
  author={Brent, Richard P},
  year={2013},
  publisher={Courier Corporation}
}

@inproceedings{andrew2007scalable,
  title={Scalable training of l 1-regularized log-linear models},
  author={Andrew, Galen and Gao, Jianfeng},
  booktitle={Proceedings of the 24th international conference on Machine learning},
  pages={33--40},
  year={2007}
}

@article{byrd1995limited,
  title={A limited memory algorithm for bound constrained optimization},
  author={Byrd, Richard H and Lu, Peihuang and Nocedal, Jorge and Zhu, Ciyou},
  journal={SIAM Journal on scientific computing},
  volume={16},
  number={5},
  pages={1190--1208},
  year={1995},
  publisher={SIAM}
}
