@misc{sander2025_CircuitTDVP,
  title               = {Quantum circuit simulation with a local time-dependent variational principle},
  author              = {Aaron Sander and Maximilian Fr\"{o}hlich and Mazen Ali and Martin Eigel and Jens Eisert and Michael Hinterm\"{u}ller and Christian B. Mendl and Richard M. Milbradt and Robert Wille},
  year                = {2025},
  url                 = {https://arxiv.org/abs/2508.10096},
  eprint              = {2508.10096},
  archiveprefix       = {arXiv},
  primaryclass        = {quant-ph},
}

@article{sander2025_EquivalenceChecking,
  title               = {Equivalence checking of quantum circuits via intermediary matrix product operator},
  author              = {Sander, Aaron and Burgholzer, Lukas and Wille, Robert},
  year                = {2025},
  month               = jun,
  journal             = {Phys. Rev. Res.},
  publisher           = {American Physical Society},
  volume              = {7},
  pages               = {023261},
  doi                 = {10.1103/3q71-y8cf},
  url                 = {https://link.aps.org/doi/10.1103/3q71-y8cf},
  issue               = {2},
  numpages            = {14},
}

@misc{sander2025_TJM,
  title               = {Large-scale stochastic simulation of open quantum systems},
  author              = {Aaron Sander and Maximilian Fr\"{o}hlich and Martin Eigel and Jens Eisert and Patrick Gel\ss{} and Michael Hinterm\"{u}ller and Richard M. Milbradt and Robert Wille and Christian B. Mendl},
  year                = {2025},
  url                 = {https://arxiv.org/abs/2501.17913},
  eprint              = {2501.17913},
  archiveprefix       = {arXiv},
  primaryclass        = {quant-ph},
}
